@book{TRS,
 author = {Friedman, Daniel P. and Byrd, William E. and Kiselyov, Oleg},
 title = {The Reasoned Schemer},
 year = {2005},
 isbn = {0262562146},
 publisher = {The MIT Press},
} 

@inproceedings{MicroKanren,
  title={$\mu$Kanren: A Minimal Functional Core for Relational Programming},
  author={Jason Hemann and Daniel P. Friedman},
  booktitle = {Proceedings of the 2013 Annual Workshop on Scheme and Functional Programming},
  year={2013}
}

@inproceedings{alphaKanren,
  author = {William E. Byrd and Daniel P. Friedman},
  pages = "79--90",
  booktitle = {Proceedings of the 2007 Annual Workshop on Scheme and Functional Programming},
  title = "{$\alpha$kanren}: A Fresh Name in Nominal Logic Programming",
  year = {2007} 
}

@inproceedings{CKanren,
    author = {Alvis, Claire E. and Willcock, Jeremiah J. and Carter, Kyle M. and Byrd, William E. and Friedman, Daniel P.},
    title = {{cKanren}: {miniKanren} with Constraints},
    booktitle = {Proceedings of the 2011 Annual Workshop on Scheme and Functional Programming},
    year = 2011,
    month = oct,
    pdf = {http://scheme2011.ucombinator.org/papers/Alvis2011.pdf} 
}

@inproceedings{Untagged,
 author = {Byrd, William E. and Holk, Eric and Friedman, Daniel P.},
 title = {miniKanren, Live and Untagged: Quine Generation via Relational Interpreters (Programming Pearl)},
 booktitle = {Proceedings of the 2012 Annual Workshop on Scheme and Functional Programming},
 series = {Scheme '12},
 year = {2012},
 isbn = {978-1-4503-1895-2},
 location = {Copenhagen, Denmark},
 pages = {8--29},
 numpages = {22},
 url = {http://doi.acm.org/10.1145/2661103.2661105},
 doi = {10.1145/2661103.2661105},
 acmid = {2661105},
 publisher = {ACM},
 address = {New York, NY, USA},
 keywords = {interpreters, logic programming, miniKanren, quines, relational programming, scheme, tagging},
} 

@incollection{Unification,
 author = {Baader, Franz and Snyder, Wayne}
 chapter = {Unification Theory},
 editor = {Robinson, Alan and Voronkov, Andrei},
 title = {Handbook of Automated Reasoning},
 year = {2001},
 isbn = {0-444-50812-0},
 publisher = {Elsevier Science Publishers B. V.},
 address = {Amsterdam, The Netherlands, The Netherlands},
} 

@incollection{Lambda,
 author = {Barendregt, H. P.},
 chapter = {Lambda Calculi with Types},
 title = {Handbook of Logic in Computer Science (Vol. 2)},
 editor = {Abramsky, S. and Gabbay, Dov M. and Maibaum, S. E.},
 year = {1992},
 isbn = {0-19-853761-1},
 pages = {117--309},
 numpages = {193},
 url = {http://dl.acm.org/citation.cfm?id=162552.162561},
 acmid = {162561},
 publisher = {Oxford University Press, Inc.},
 address = {New York, NY, USA},
} 

@PhdThesis{WillThesis,
 author = {William E. Byrd},
 title = {Relational Programming in miniKanren: Techniques, Applications, and Implementations},
 school = {Indiana University},
 year = 2009,
 month = {September} 
}

@article{ocanren,
  title      = {Typed Embedding of a Relational Language in OCaml},
  author     = {Dmitry Kosarev and Dmitry Boulytchev},
  journal    = {ACM SIGPLAN Workshop on ML},
  year       = 2016,
  language   = "english"
}

@book{Types,
 author = {Pierce, Benjamin C.},
 title = {Types and Programming Languages},
 year = {2002},
 isbn = {0262162091, 9780262162098},
 edition = {1st},
 publisher = {The MIT Press},
} 

@article{Felleisen,
 author = {Wright, A.K. and Felleisen, M.},
 title = {A Syntactic Approach to Type Soundness},
 journal = {Inf. Comput.},
 issue_date = {Nov. 15, 1994},
 volume = {115},
 number = {1},
 month = nov,
 year = {1994},
 issn = {0890-5401},
 pages = {38--94},
 numpages = {57},
 url = {http://dx.doi.org/10.1006/inco.1994.1093},
 doi = {10.1006/inco.1994.1093},
 acmid = {191909},
 publisher = {Academic Press, Inc.},
 address = {Duluth, MN, USA},
} 

@article{cardelli,
 author = {Cardelli, Luca and Wegner, Peter},
 title = {On Understanding Types, Data Abstraction, and Polymorphism},
 journal = {ACM Comput. Surv.},
 issue_date = {Dec. 1985},
 volume = {17},
 number = {4},
 month = dec,
 year = {1985},
 issn = {0360-0300},
 pages = {471--523},
 numpages = {53},
 url = {http://doi.acm.org/10.1145/6041.6042},
 doi = {10.1145/6041.6042},
 acmid = {6042},
 publisher = {ACM},
 address = {New York, NY, USA},
}

@article{unified,
 author = {Byrd, William E. and Ballantyne, Michael and Rosenblatt, Gregory and Might, Matthew},
 title = {A Unified Approach to Solving Seven Programming Problems (Functional Pearl)},
 journal = {Proc. ACM Program. Lang.},
 issue_date = {September 2017},
 volume = {1},
 number = {ICFP},
 month = aug,
 year = {2017},
 issn = {2475-1421},
 pages = {8:1--8:26},
 articleno = {8},
 numpages = {26},
 url = {http://doi.acm.org/10.1145/3110252},
 doi = {10.1145/3110252},
 acmid = {3110252},
 publisher = {ACM},
 address = {New York, NY, USA},
 keywords = {Racket, Scheme, miniKanren, program synthesis, relational programming},
}

@misc{WillOnHM,
  author        = "Byrd, William E.",
  howpublished  = "private communication"
}

@article{SmallEmbedding,
 author = {Hemann, Jason and Friedman, Daniel P. and Byrd, William E. and Might, Matthew},
 title = {A Small Embedding of Logic Programming with a Simple Complete Search},
 journal = {SIGPLAN Not.},
 issue_date = {February 2017},
 volume = {52},
 number = {2},
 month = nov,
 year = {2016},
 issn = {0362-1340},
 pages = {96--107},
 numpages = {12},
 url = {http://doi.acm.org/10.1145/3093334.2989230},
 doi = {10.1145/3093334.2989230},
 acmid = {2989230},
 publisher = {ACM},
 address = {New York, NY, USA},
 keywords = {Racket, logic programming, microKanren, miniKanren, relational programming, search, streams},
} 

@incollection{UnificationRevisited,
 author = {Lassez, J.-L. and Maher, M. J. and Marriott, K.},
 chapter = {Unification Revisited},
 title = {Foundations of Deductive Databases and Logic Programming},
 editor = {Minker, J.},
 year = {1988},
 isbn = {0-934613-40-0},
 pages = {587--625},
 numpages = {39},
 url = {http://dl.acm.org/citation.cfm?id=61352.61367},
 acmid = {61367},
 publisher = {Morgan Kaufmann Publishers Inc.},
 address = {San Francisco, CA, USA},
} 
