@BOOK{lozov:TheReasonedSchemer,
 author = {Friedman, Daniel P. and Byrd, William E. and Kiselyov, Oleg},
 title = {The Reasoned Schemer},
 year = {2005},
 isbn = {0262562146},
 publisher = {The MIT Press}
}

@ARTICLE{lozov:quines,
  title      = {miniKanren, Live and Untagged: Quine Generation via Relational Interpreters (Programming Pearl)},
  author     = {William E. Byrd and Eric Holk and Daniel P. Friedman},
  journal    = {Workshop on Scheme and Functional Programming},
  year       = 2012,
  language   = "english"
}

@ARTICLE{lozov:seven,
 author = {Byrd, William E. and Ballantyne, Michael and Rosenblatt, Gregory and Might, Matthew},
 title = {A Unified Approach to Solving Seven Programming Problems (Functional Pearl)},
 journal = {Proc. ACM Program. Lang.},
 issue_date = {September 2017},
 volume = {1},
 number = {ICFP},
 month = aug,
 year = {2017},
 issn = {2475-1421},
 pages = {8:1--8:26},
 articleno = {8},
 numpages = {26},
 url = {http://doi.acm.org/10.1145/3110252},
 doi = {10.1145/3110252},
 acmid = {3110252},
 publisher = {ACM},
 address = {New York, NY, USA},
 keywords = {Racket, Scheme, miniKanren, program synthesis, relational programming},
} 

@InProceedings{lozov:conversion,
author="Lozov, Petr
and Vyatkin, Andrei
and Boulytchev, Dmitry",
editor="Wang, Meng
and Owens, Scott",
title="Typed Relational Conversion",
booktitle="Trends in Functional Programming",
year="2018",
publisher="Springer International Publishing",
address="Cham",
pages="39--58"
}

@ARTICLE{lozov:implementation,
  title      = {$\mu$Kanren: A Minimal Functional Core for Relational Programming},
  author     = {Jason Hemann and Daniel P. Friedman},
  journal    = {Workshop on Scheme and Functional Programming},
  year       = 2013,
  language   = "english"
}

@ARTICLE{lozov:ocanren,
  title      = {Typed Embedding of a Relational Language in OCaml},
  author     = {Dmitry Kosarev and Dmitry Boulytchev},
  journal    = {ACM SIGPLAN Workshop on ML},
  year       = 2016,
  language   = "english"
}

@ARTICLE{lozov:CKanren,
  title      = {cKanren: miniKanren with Constraints},
  author     = {Claire E. Alvis and Jeremiah J. Willcock and William E. Byrd},
  journal    = {Workshop on Scheme and Functional Programming},
  year       = 2011,
  language   = "english"
}

@BOOK{lozov:miniKanren,
  title      = {Relational Programming in miniKanren: Techniques, Applications, and Implementations},
  author     = {William E. Byrd},
  publisher  = {Indiana University, Bloomington},
  year       = 2009,
  language   = "english"
}

@inproceedings{komorowski1982partial,
  title={Partial evaluation as a means for inferencing data structures in an applicative language: A theory and implementation in the case of Prolog},
  author={Komorowski, H Jan},
  booktitle={Proceedings of the 9th ACM SIGPLAN-SIGACT symposium on Principles of programming languages},
  pages={255--267},
  year={1982},
  organization={ACM}
}

@article{lloyd1991partial,
  title={Partial evaluation in logic programming},
  author={Lloyd, John W. and Shepherdson, John C},
  journal={The Journal of Logic Programming},
  volume={11},
  number={3-4},
  pages={217--242},
  year={1991},
  publisher={Elsevier}
}

@article{de1999conjunctive,
  title={Conjunctive partial deduction: Foundations, control, algorithms, and experiments},
  author={De Schreye, Danny and Gl{\"u}ck, Robert and J{\o}rgensen, Jesper and Leuschel, Michael and Martens, Bern and S{\o}rensen, Morten Heine},
  journal={The Journal of Logic Programming},
  volume={41},
  number={2-3},
  pages={231--277},
  year={1999},
  publisher={Elsevier}
}

@inproceedings{gluck1994partial,
  title={Partial deduction and driving are equivalent},
  author={Gl{\"u}ck, Robert and S{\o}rensen, Morten Heine},
  booktitle={International Symposium on Programming Language Implementation and Logic Programming},
  pages={165--181},
  year={1994},
  organization={Springer}
}

@inproceedings{wadler1988deforestation,
  title={Deforestation: Transforming programs to eliminate trees},
  author={Wadler, Philip},
  booktitle={European Symposium on Programming},
  pages={344--358},
  year={1988},
  organization={Springer}
}

@article{hu1997tupling,
  title={Tupling calculation eliminates multiple data traversals},
  author={Hu, Zhenjiang and Iwasaki, Hideya and Takeichi, Masato and Takano, Akihiko},
  journal={ACM Sigplan Notices},
  volume={32},
  number={8},
  pages={164--175},
  year={1997},
  publisher={ACM}
}

@inproceedings{leuschel1996redundant,
  title={Redundant argument filtering of logic programs},
  author={Leuschel, Michael and S{\o}rensen, Morten Heine},
  booktitle={International Workshop on Logic Programming Synthesis and Transformation},
  pages={83--103},
  year={1996},
  organization={Springer}
}

@inproceedings{gluck1996controlling,
  title={Controlling conjunctive partial deduction},
  author={Gl{\"u}ck, Robert and J{\o}rgensen, Jesper and Martens, Bern and S{\o}rensen, Morten Heine},
  booktitle={International Symposium on Programming Language Implementation and Logic Programming},
  pages={152--166},
  year={1996},
  organization={Springer}
}

@book{Garey:1990:CIG:574848,
 author = {Garey, Michael R. and Johnson, David S.},
 title = {Computers and Intractability; A Guide to the Theory of NP-Completeness},
 year = {1990},
 isbn = {0716710455},
 publisher = {W. H. Freeman \& Co.},
 address = {New York, NY, USA},
} 


@book{jones1993partial,
  title={Partial evaluation and automatic program generation},
  author={Jones, Neil D and Gomard, Carsten K and Sestoft, Peter},
  year={1993},
  publisher={Peter Sestoft}
}

@article{turchin1986concept,
  title={The concept of a supercompiler},
  author={Turchin, Valentin F},
  journal={ACM Transactions on Programming Languages and Systems (TOPLAS)},
  volume={8},
  number={3},
  pages={292--325},
  year={1986},
  publisher={ACM}
}

@article{somogyi1996execution,
  title={The execution algorithm of Mercury, an efficient purely declarative logic programming language},
  author={Somogyi, Zoltan and Henderson, Fergus and Conway, Thomas},
  journal={The Journal of Logic Programming},
  volume={29},
  number={1-3},
  pages={17--64},
  year={1996},
  publisher={Elsevier}
}

@article{futamura1971partial,
  title={Partial evaluation of ccomputation process-an approach to a compiler-compiler},
  author={Futamura, Yoshihiko},
  journal={Systems, Compurters, Controls},
  volume={25},
  pages={45--50},
  year={1971}
}

@incollection{lozov:unification,
 author = {Baader, Franz and Snyder, Wayne},
 chapter = {Unification Theory},
 editor = {Robinson, Alan and Voronkov, Andrei},
 title = {Handbook of Automated Reasoning},
 year = {2001},
 isbn = {0-444-50812-0},
 publisher = {Elsevier Science Publishers B. V.},
 address = {Amsterdam, The Netherlands, The Netherlands},
}

@book{lozov:prolog,
  address = {Berlin},
  author = {Clocksin, William F. and Mellish, Christopher S.},
  doi = {10.1007/978-3-642-55481-0},
  edition = 5,
  interhash = {c634da1a1269623500f0223aa4237b47},
  intrahash = {f7d8c9d8fc4ff10019644968a955a2a5},
  isbn = {978-3-540-00678-7},
  publisher = {Springer},
  title = {Programming in Prolog},
  year = 2003
}

@article{byrd2010relational,
  title={Relational programming in miniKanren: techniques, applications, and implementations},
  author={Byrd, William E},
  year={2010},
  publisher={[Bloomington, Ind.]: Indiana University}
}

@incollection{leuschel2004specialising,
  title={Specialising interpreters using offline partial deduction},
  author={Leuschel, Michael and Craig, Stephen J and Bruynooghe, Maurice and Vanhoof, Wim},
  booktitle={Program Development in Computational Logic},
  pages={340--375},
  year={2004},
  publisher={Springer}
}