@article{Mercury,
author = {Somogyi, Z and J. Henderson, F and C. Conway, T},
year = {1998},
month = {10},
pages = {},
title = {Mercury, an Efficient Purely Declarative Logic Programming Language},
booktitle = {Proceedings of the Australian Computer Science Conference}
}

@MISC{Curry,
    author = {Michael Hanus and Herbert Kuchen and Juan José Moreno-Navarro},
    title = {Curry: A Truly Functional Logic Language},
    year = {1995}
}

@book{TRS,
  author = {Friedman, Daniel P. and Byrd, William E. and Kiselyov, Oleg},
  title = {The Reasoned Schemer},
  year = {2005},
  isbn = {0262562146},
  publisher = {The MIT Press},
}

@inproceedings{MicroKanren,
  title={$\mu$Kanren: A Minimal Functional Core for Relational Programming},
  author={Jason Hemann and Daniel P. Friedman},
  booktitle = {Proceedings of the 2013 Annual Workshop on Scheme and Functional Programming},
  year={2013}
}

@inproceedings{CKanren,
  author = {Alvis, Claire E. and Willcock, Jeremiah J. and Carter, Kyle M. and Byrd, William E. and Friedman, Daniel P.},
  title = {{cKanren}: {miniKanren} with Constraints},
  booktitle = {Proceedings of the 2011 Annual Workshop on Scheme and Functional Programming},
  year = 2011,
  month = oct,
  pdf = {http://scheme2011.ucombinator.org/papers/Alvis2011.pdf} 
}

@inproceedings{Untagged,
  author = {Byrd, William E. and Holk, Eric and Friedman, Daniel P.},
  title = {miniKanren, Live and Untagged: Quine Generation via Relational Interpreters (Programming Pearl)},
  booktitle = {Proceedings of the 2012 Annual Workshop on Scheme and Functional Programming},
  series = {Scheme '12},
  year = {2012},
  isbn = {978-1-4503-1895-2},
  location = {Copenhagen, Denmark},
  pages = {8--29},
  numpages = {22},
  url = {http://doi.acm.org/10.1145/2661103.2661105},
  doi = {10.1145/2661103.2661105},
  acmid = {2661105},
  publisher = {ACM},
  address = {New York, NY, USA},
  keywords = {interpreters, logic programming, miniKanren, quines, relational programming, scheme, tagging},
}

@incollection{Unification,
  author = {Baader, Franz and Snyder, Wayne},
  chapter = {Unification Theory},
  editor = {Robinson, Alan and Voronkov, Andrei},
  title = {Handbook of Automated Reasoning},
  year = {2001},
  isbn = {0-444-50812-0},
  publisher = {Elsevier Science Publishers B. V.},
  address = {Amsterdam, The Netherlands, The Netherlands},
}

@PhdThesis{WillThesis,
  author = {William E. Byrd},
  title = {Relational Programming in miniKanren: Techniques, Applications, and Implementations},
  school = {Indiana University},
  year = 2009,
  month = {September} 
}

@article{OCanren,
  title      = {Typed Embedding of a Relational Language in OCaml},
  author     = {Dmitry Kosarev and Dmitry Boulytchev},
  journal    = {ACM SIGPLAN Workshop on ML},
  year       = 2016,
  language   = "english"
}

@article{unified,
  author = {Byrd, William E. and Ballantyne, Michael and Rosenblatt, Gregory and Might, Matthew},
  title = {A Unified Approach to Solving Seven Programming Problems (Functional Pearl)},
  journal = {Proc. ACM Program. Lang.},
  issue_date = {September 2017},
  volume = {1},
  number = {ICFP},
  month = aug,
  year = {2017},
  issn = {2475-1421},
  pages = {8:1--8:26},
  articleno = {8},
  numpages = {26},
  url = {http://doi.acm.org/10.1145/3110252},
  doi = {10.1145/3110252},
  acmid = {3110252},
  publisher = {ACM},
  address = {New York, NY, USA},
  keywords = {Racket, Scheme, miniKanren, program synthesis, relational programming},
}

@inproceedings{AlphaKanren,
  author = {William E. Byrd and Daniel P. Friedman},
  pages = "79--90",
  booktitle = {Proceedings of the 2007 Annual Workshop on Scheme and Functional Programming},
  title = "{$\alpha$kanren}: A Fresh Name in Nominal Logic Programming",
  year = {2007} 
}

@article{2016,
  author = {Hemann, Jason and Friedman, Daniel P. and Byrd, William E. and Might, Matthew},
  title = {A Small Embedding of Logic Programming with a Simple Complete Search},
  journal = {SIGPLAN Not.},
  issue_date = {February 2017},
  volume = {52},
  number = {2},
  month = nov,
  year = {2016},
  issn = {0362-1340},
  pages = {96--107},
  numpages = {12},
  url = {http://doi.acm.org/10.1145/3093334.2989230},
  doi = {10.1145/3093334.2989230},
  acmid = {2989230},
  publisher = {ACM},
  address = {New York, NY, USA},
  keywords = {Racket, logic programming, microKanren, miniKanren, relational programming, search, streams},
}

@article{Search,
  author = {Kiselyov, Oleg and Shan, Chung-chieh and Friedman, Daniel P. and Sabry, Amr},
  title = {Backtracking, Interleaving, and Terminating Monad Transformers: (Functional Pearl)},
  journal = {SIGPLAN Not.},
  issue_date = {September 2005},
  volume = {40},
  number = {9},
  month = sep,
  year = {2005},
  issn = {0362-1340},
  pages = {192--203},
  numpages = {12},
  url = {http://doi.acm.org/10.1145/1090189.1086390},
  doi = {10.1145/1090189.1086390},
  acmid = {1086390},
  publisher = {ACM},
  address = {New York, NY, USA},
  keywords = {Haskell, Prolog, continuations, control delimiters, logic programming, streams},
}

@inproceedings{KiselyovArithmetic,
  author = {Kiselyov, Oleg and Byrd, William E. and Friedman, Daniel P. and Shan, Chung-Chieh},
  title = {Pure, Declarative, and Constructive Arithmetic Relations (Declarative Pearl)},
  booktitle = {Proceedings of the 9th International Conference on Functional and Logic Programming},
  series = {FLOPS'08},
  year = {2008},
  isbn = {3-540-78968-5, 978-3-540-78968-0},
  location = {Ise, Japan},
  pages = {64--80},
  numpages = {17},
  url = {http://dl.acm.org/citation.cfm?id=1788446.1788456},
  acmid = {1788456},
  publisher = {Springer-Verlag},
  address = {Berlin, Heidelberg},
}

@inproceedings{CKanren1,
  author = {Jason Hemann and Daniel P. Friedman},
  pages = {},
  booktitle = {Proceedings of the 2015 Annual Workshop on Scheme and Functional Programming},
  title = "A Framework for Extending microKanren with Constraints",
  year = {2015} 
}

@inproceedings{Guided,
  author = {Cameron Swords and Daniel P. Friedman},
  pages = {},
  booktitle = {Proceedings of the 2013 Annual Workshop on Scheme and Functional Programming},
  title = "rKanren: Guided Search in miniKanren",
  year = {2013} 
}

@inproceedings{RelConversion,
  author = {Petr Lozov and Andrei Vyatkin and Dmitry Boulytchev},
  pages = {},
  booktitle = {Proceedings of the International Symposium on Trends in Functional Programming},
  title = "Typed Relational Conversion",
  year = {2017} 
}

@inproceedings{XSB,
  author = {Prasad Rao and Konstantinos Sagonas and Terrance Swift and David Warren and Juliana Freire},
  booktitle = {Proceedings of the 4th International Conference on Logic Programming and NonMonotonic Reasoning},
  title = {XSB: A System for Efficiently Computing Well-Founded Semantics},
  year = {1997},
  pages = {430--440},
  publisher = {Springer}
}

@inproceedings{OLDresolution,
  author = {Tamaki, Hisao and Sato, Taisuke},
  year = {1986},
  month = {07},
  pages = {84-98},
  booktitle = {Proceedings of the Third International Conference on Logic Programming},
  title = {OLD Resolution with Tabulation}
}

@inproceedings{BoundedNondeterminism,
  author = {Pedreschi, Dino and Ruggieri, Salvatore},
  year = {1999},
  booktitle = {International Conference on Logic Programming (D. De Schreye, Ed.)},
  title = {Bounded Nondeterminism of Logic Programs}
}

@article{Coroutining,
  author = {Lee Naish},
  title = {Coroutining and the Construction of Terminating Logic Programs},
  year = {1993},
  journal = {Australian Computer Science Communications},
  pages = {181–-190}
}

@inproceedings{InferringAndCompiling,
  author = {Hoarau, Sebastien and Mesnard, Fred},
  year = {1998},
  booktitle = {Logic-based Program Synthesis and Transformation (P. Flener, Ed.)},
  title = {Inferring and Compiling Termination for Constraint Logic Programs}
}

@article{ControlGeneration,
  author = {King, A. and Martin, J.C.},
  title = {Control Generation by Program Transformation},
  year = {2006},
  journal = {Fundamenta Informaticae},
  pages = {179-218}
}
