@BOOK{fair:TheReasonedSchemer,
 author = {Friedman, Daniel P. and Byrd, William E. and Kiselyov, Oleg},
 title = {The Reasoned Schemer},
 year = {2005},
 isbn = {0262562146},
 publisher = {The MIT Press}
}

@ARTICLE{fair:quines,
  title      = {miniKanren, Live and Untagged: Quine Generation via Relational Interpreters (Programming Pearl)},
  author     = {William E. Byrd and Eric Holk and Daniel P. Friedman},
  journal    = {Workshop on Scheme and Functional Programming},
  year       = 2012,
  language   = "english"
}

@inproceedings{fair:towardsAM,
  title      = {Towards a miniKanren with fair search strategies},
  journal    = {The miniKanren and Relational Programming Workshop},
  author     = {Kuang-Chen Lu and Weixi Ma and Daniel P. Friedman},
  year       = {2019},
  language   = "english"
}

@inproceedings{fair:semantics,
  title      = {Certified Semantics for miniKanren},
  journal    = {The miniKanren and Relational Programming Workshop},
  author     = {Dmitry Rozplokhas and Andrey Vyatkin and Dmitri Boulytchev},
  year       = {2019},
  language   = "english"
}

@inproceedings{fair:DivTest,
  author    = {Dmitri Rozplokhas and
               Dmitri Boulytchev},
  title     = {Improving Refutational Completeness of Relational Search via Divergence
               Test},
  booktitle = {Proceedings of the 20th International Symposium on Principles and
               Practice of Declarative Programming, {PPDP} 2018, Frankfurt am Main,
               Germany, September 03-05, 2018},
  pages     = {18:1--18:13},
  year      = {2018},
  url       = {https://doi.org/10.1145/3236950.3236958},
  doi       = {10.1145/3236950.3236958},
  timestamp = {Wed, 21 Nov 2018 12:44:13 +0100},
  biburl    = {https://dblp.org/rec/bib/conf/ppdp/RozplokhasB18},
  bibsource = {dblp computer science bibliography, https://dblp.org}
}

@article{fair:interleaving,
  author = {Kiselyov, Oleg and Shan, Chung-chieh and Friedman, Daniel P. and Sabry, Amr},
  title = {Backtracking, Interleaving, and Terminating Monad Transformers: (Functional Pearl)},
  journal = {SIGPLAN Not.},
  issue_date = {September 2005},
  volume = {40},
  number = {9},
  month = sep,
  year = {2005},
  issn = {0362-1340},
  pages = {192--203},
  numpages = {12},
  url = {http://doi.acm.org/10.1145/1090189.1086390},
  doi = {10.1145/1090189.1086390},
  acmid = {1086390},
  publisher = {ACM},
  address = {New York, NY, USA},
  keywords = {Haskell, Prolog, continuations, control delimiters, logic programming, streams},
}

@book{fair:Coq,
  author    = {Yves Bertot and
               Pierre Cast{\'{e}}ran},
  title     = {Interactive Theorem Proving and Program Development - Coq'Art: The
               Calculus of Inductive Constructions},
  series    = {Texts in Theoretical Computer Science. An {EATCS} Series},
  publisher = {Springer},
  year      = {2004},
  url       = {https://doi.org/10.1007/978-3-662-07964-5},
  doi       = {10.1007/978-3-662-07964-5},
  isbn      = {978-3-642-05880-6},
  timestamp = {Tue, 16 May 2017 14:24:38 +0200},
  biburl    = {https://dblp.org/rec/bib/series/txtcs/BertotC04},
  bibsource = {dblp computer science bibliography, https://dblp.org}
}

@inproceedings{fair:micro,
author = {Hemann, Jason and Friedman, Daniel and Byrd, William and Might, Matthew},
year = {2016},
month = {11},
pages = {96-107},
title = {A small embedding of logic programming with a simple complete search},
doi = {10.1145/2989225.2989230}
}

@inproceedings{fair:theorem-prover,
author = {Near, Joseph and Byrd, William and Friedman, Daniel},
year = {2008},
month = {12},
pages = {238-252},
title = {$\alpha$leanTAP: A Declarative Theorem Prover for First-Order Classical Logic},
volume = {5366},
doi = {10.1007/978-3-540-89982-2_26}
}

@article{fair:seven,
author = {Byrd, William E. and Ballantyne, Michael and Rosenblatt, Gregory and Might, Matthew},
title = {A Unified Approach to Solving Seven Programming Problems (Functional Pearl)},
year = {2017},
issue_date = {September 2017},
publisher = {Association for Computing Machinery},
address = {New York, NY, USA},
volume = {1},
number = {ICFP},
url = {https://doi.org/10.1145/3110252},
doi = {10.1145/3110252},
journal = {Proc. ACM Program. Lang.},
month = aug,
articleno = {8},
numpages = {26},
keywords = {program synthesis, Racket, Scheme, relational programming, miniKanren}
}
  

@ARTICLE{fair:CKanren,
  title      = {cKanren: miniKanren with Constraints},
  author     = {Claire E. Alvis and Jeremiah J. Willcock and William E. Byrd},
  journal    = {Workshop on Scheme and Functional Programming},
  year       = 2011,
  language   = "english"
}

@ARTICLE{fair:alphaKanren,
  author = {William E. Byrd and Daniel P. Friedman},
  pages = "79--90",
  journal = {Proceedings of the 2007 Annual Workshop on Scheme and Functional Programming},
  title = "{$\alpha$kanren}: A Fresh Name in Nominal Logic Programming",
  year = {2007} 
}

@PhdThesis{fair:WillThesis,
 author = {William E. Byrd},
 title = {Relational Programming in miniKanren: Techniques, Applications, and Implementations},
 school = {Indiana University},
 year = 2009,
 month = {September} 
}

@ARTICLE{fair:Guided,
  author = {Cameron Swords and Daniel P. Friedman},
  pages = {},
  journal = {Proceedings of the 2013 Annual Workshop on Scheme and Functional Programming},
  title = "rKanren: Guided Search in miniKanren",
  year = {2013} 
}