@book{przymusinski1989constructive,
  title={On constructive negation in logic programming},
  author={Przymusinski, Teodor C},
  year={1989},
  publisher={MIT Press Cambridge, Massachusetts}
}
@inproceedings{kumar2010nominal,
  title={(Nominal) unification by recursive descent with triangular substitutions},
  author={Kumar, Ramana and Norrish, Michael},
  booktitle={International Conference on Interactive Theorem Proving},
  pages={51--66},
  year={2010},
  organization={Springer}
}
@inproceedings{chan1988constructive,
  title={Constructive negation based on the completed database},
  author={Chan, David},
  booktitle={Proc. of ICLP-88},
  year={1988}
}
@article{van1991well,
  title={The well-founded semantics for general logic programs},
  author={Van Gelder, Allen and Ross, Kenneth A and Schlipf, John S},
  journal={Journal of the ACM (JACM)},
  volume={38},
  number={3},
  pages={619--649},
  year={1991},
  publisher={ACM}
}
@inproceedings{gelfond1988stable,
  title={The stable model semantics for logic programming.},
  author={Gelfond, Michael and Lifschitz, Vladimir},
  booktitle={ICLP/SLP},
  volume={88},
  pages={1070--1080},
  year={1988}
}
@article{chen1995efficient,
  title={Efficient top-down computation of queries under the well-founded semantics},
  author={Chen, Weidong and Swift, Terrance and Warren, David S},
  journal={The Journal of logic programming},
  volume={24},
  number={3},
  pages={161--199},
  year={1995},
  publisher={Elsevier}
}
@article{chen1996tabled,
  title={Tabled evaluation with delaying for general logic programs},
  author={Chen, Weidong and Warren, David S},
  journal={Journal of the ACM (JACM)},
  volume={43},
  number={1},
  pages={20--74},
  year={1996},
  publisher={ACM}
}
@article{liu1999constructive,
  title={Constructive negation under the well-founded semantics},
  author={Liu, Julie Yuchih and Adams, Leroy and Chen, Weidong},
  journal={The Journal of Logic Programming},
  volume={38},
  number={3},
  pages={295--330},
  year={1999},
  publisher={Elsevier}
}
@article{bartak1998constructive,
  title={Constructive negation in clp (h)},
  author={Bart{\'a}k, Roman},
  journal={submitted to CP},
  volume={98},
  year={1998}
}
@inproceedings{alvez2004constructive,
  title={Constructive negation by bottom-up computation of literal answers},
  author={{\'A}lvez, Javier and Lucio, Paqui and Orejas, Fernando},
  booktitle={Proceedings of the 2004 ACM symposium on Applied computing},
  pages={1468--1475},
  year={2004},
  organization={ACM}
}
@inproceedings{gebser2007clasp,
  title={clasp: A conflict-driven answer set solver},
  author={Gebser, Martin and Kaufmann, Benjamin and Neumann, Andr{\'e} and Schaub, Torsten},
  booktitle={International Conference on Logic Programming and Nonmonotonic Reasoning},
  pages={260--265},
  year={2007},
  organization={Springer}
}
@article{giunchiglia2006answer,
  title={Answer set programming based on propositional satisfiability},
  author={Giunchiglia, Enrico and Lierler, Yuliya and Maratea, Marco},
  journal={Journal of Automated Reasoning},
  volume={36},
  number={4},
  pages={345},
  year={2006},
  publisher={Springer}
}

@inproceedings{marple2012goal,
  title={Goal-directed execution of answer set programs},
  author={Marple, Kyle and Bansal, Ajay and Min, Richard and Gupta, Gopal},
  booktitle={Proceedings of the 14th symposium on Principles and practice of declarative programming},
  pages={35--44},
  year={2012},
  organization={ACM}
}
@article{arias2018constraint,
  title={Constraint answer set programming without grounding},
  author={Arias, Joaquin and Carro, Manuel and Salazar, Elmer and Marple, Kyle and Gupta, Gopal},
  journal={Theory and Practice of Logic Programming},
  volume={18},
  number={3-4},
  pages={337--354},
  year={2018},
  publisher={Cambridge University Press}
}
@article{marple2017s,
  title={The s (ASP) Predicate Answer Set Programming System},
  author={Marple, Kyle and Salazar, Elmer and Chen, Zhuo and Gupta, Gopal},
  journal={The Association for Logic Programming Newsletter},
  year={2017}
}
@inproceedings{stuckey1991constructive,
  title={Constructive negation for constraint logic programming},
  author={Stuckey, Peter J},
  booktitle={[1991] Proceedings Sixth Annual IEEE Symposium on Logic in Computer Science},
  pages={328--339},
  year={1991},
  organization={IEEE}
}
@article{kiselyov2005backtracking,
  title={Backtracking, interleaving, and terminating monad transformers:(functional pearl)},
  author={Kiselyov, Oleg and Shan, Chung-chieh and Friedman, Daniel P and Sabry, Amr},
  journal={ACM SIGPLAN Notices},
  volume={40},
  number={9},
  pages={192--203},
  year={2005},
  publisher={ACM}
}
@article{kosarev2018typed,
  title={Typed embedding of a relational language in OCaml},
  author={Kosarev, Dmitry and Boulytchev, Dmitry},
  journal={arXiv preprint arXiv:1805.11006},
  year={2018}
}
@article{hemann2013mukanren,
  title={$\mu$kanren: A minimal functional core for relational programming, November 2013},
  author={Hemann, Jason and Friedman, Dan},
  journal={URL http://www.schemeworkshop.org/2013/papers/HemannMuKanren2013.pdf}
}
@article{robinson1965machine,
  title={A machine-oriented logic based on the resolution principle},
  author={Robinson, John Alan and others},
  journal={Journal of the ACM},
  volume={12},
  number={1},
  pages={23--41},
  year={1965}
}
@book{baier2008principles,
  title={Principles of model checking},
  author={Baier, Christel and Katoen, Joost-Pieter},
  year={2008},
  publisher={MIT press}
}
@article{byrd2010relational,
  title={Relational programming in miniKanren: techniques, applications, and implementations},
  author={Byrd, William E},
  year={2010},
  publisher={[Bloomington, Ind.]: Indiana University}
}
@book{miller2012programming,
  title={Programming with higher-order logic},
  author={Miller, Dale and Nadathur, Gopalan},
  year={2012},
  publisher={Cambridge University Press}
}
@book{TheReasonedSchemer,
 author = {Friedman, Daniel P. and Byrd, William E. and Kiselyov, Oleg},
 title = {The Reasoned Schemer},
 year = {2005},
 isbn = {0262562146},
 publisher = {The MIT Press}
}
@article{dovier2000necessary,
  title={A necessary condition for constructive negation in constraint logic programming},
  author={Dovier, Agostino and Pontelli, Enrico and Rossi, Gianfranco},
  journal={Information Processing Letters},
  volume={74},
  number={3-4},
  pages={147--156},
  year={2000},
  publisher={Elsevier}
}
@inproceedings{naish1995pruning,
  title={Pruning in logic programming},
  author={Naish, Lee},
  booktitle={University of Melbourne},
  year={1995},
  organization={Citeseer}
}
@incollection{clark1978negation,
  title={Negation as failure},
  author={Clark, Keith L},
  booktitle={Logic and data bases},
  pages={293--322},
  year={1978},
  publisher={Springer}
}